<record><leader>00000cas a2200000 a 4500</leader><controlfield tag="001">11208313</controlfield><controlfield tag="008">840928d18uu1884ksuwr ne      0   a0eng d</controlfield><datafield ind1=" " ind2=" " tag="010"><subfield code="a">sn 84029294 </subfield></datafield><datafield ind1=" " ind2=" " tag="040"><subfield code="a">KSH</subfield><subfield code="b">eng</subfield><subfield code="c">KSH</subfield><subfield code="d">NPT</subfield><subfield code="d">OCL</subfield><subfield code="d">OCLCQ</subfield></datafield><datafield ind1=" " ind2=" " tag="042"><subfield code="a">msc</subfield></datafield><datafield ind1="0" ind2=" " tag="130"><subfield code="a">Grip (Howard, Kan.)</subfield></datafield><datafield ind1="1" ind2="0" tag="245"><subfield code="a">Grip.</subfield></datafield><datafield ind1=" " ind2=" " tag="260"><subfield code="a">Howard, Kan. :</subfield><subfield code="b">Abe Steinberger,</subfield><subfield code="c">-1884.</subfield></datafield><datafield ind1=" " ind2=" " tag="300"><subfield code="a">v. ;</subfield><subfield code="c">54 cm.</subfield></datafield><datafield ind1=" " ind2=" " tag="310"><subfield code="a">Weekly</subfield></datafield><datafield ind1="0" ind2=" " tag="362"><subfield code="a">-v. 3, no. 35 (Aug. 27, 1884).</subfield></datafield><datafield ind1=" " ind2=" " tag="588"><subfield code="a">Description based on: Vol. 2, no. 33 (Aug. 15, 1883).</subfield></datafield><datafield ind1=" " ind2=" " tag="752"><subfield code="a">United States</subfield><subfield code="b">Kansas</subfield><subfield code="c">Elk</subfield><subfield code="d">Howard.</subfield></datafield><datafield ind1="0" ind2="5" tag="780"><subfield code="t">Howard journal (Howard, Kan.)</subfield><subfield code="g">Aug. 1883</subfield><subfield code="w">(DLC)sn 84029295</subfield></datafield><datafield ind1="0" ind2="0" tag="785"><subfield code="t">Howard democrat</subfield><subfield code="w">(DLC)sn 84029293</subfield></datafield></record>